@inproceedings{ester1996density,
  title={A density-based algorithm for discovering clusters in large spatial databases with noise.},
  author={Ester, Martin and Kriegel, Hans-Peter and Sander, J{\"o}rg and Xu, Xiaowei and others},
  booktitle={Kdd},
  volume={96},
  number={34},
  pages={226--231},
  year={1996}
}

@inproceedings{palma2008clustering,
  title={A clustering-based approach for discovering interesting places in trajectories},
  author={Palma, Andrey Tietbohl and Bogorny, Vania and Kuijpers, Bart and Alvares, Luis Otavio},
  booktitle={Proceedings of the 2008 ACM symposium on Applied computing},
  pages={863--868},
  year={2008},
  organization={ACM}
}
@article{kumar2016fast,
  title={A fast DBSCAN clustering algorithm by accelerating neighbor searching using Groups method},
  author={Kumar, K Mahesh and Reddy, A Rama Mohan},
  journal={Pattern Recognition},
  volume={58},
  pages={39--48},
  year={2016},
  publisher={Elsevier}
}