@article{tax2001one,
  title={One-class classification},
  author={Tax, David Martinus Johannes},
  year={2001}
}

@article{scholkopf2001estimating,
  title={Estimating the support of a high-dimensional distribution},
  author={Sch{\"o}lkopf, Bernhard and Platt, John C and Shawe-Taylor, John and Smola, Alex J and Williamson, Robert C},
  journal={Neural computation},
  volume={13},
  number={7},
  pages={1443--1471},
  year={2001},
  publisher={MIT Press}
}

@inproceedings{scholkopf2000support,
  title={Support vector method for novelty detection},
  author={Sch{\"o}lkopf, Bernhard and Williamson, Robert C and Smola, Alex J and Shawe-Taylor, John and Platt, John C},
  booktitle={Advances in neural information processing systems},
  pages={582--588},
  year={2000}
}

@article{李航2012统计学习方法,
  title={统计学习方法},
  author={李航 and others},
  journal={清华大学出版社, 北京},
  year={2012}
}