@inproceedings{pennington2014glove,
  title={Glove: Global vectors for word representation},
  author={Pennington, Jeffrey and Socher, Richard and Manning, Christopher D},
  booktitle={Proceedings of the 2014 conference on empirical methods in natural language processing (EMNLP)},
  pages={1532--1543},
  year={2014}
}

@inproceedings{mikolov2013distributed,
  title={Distributed representations of words and phrases and their compositionality},
  author={Mikolov, Tomas and Sutskever, Ilya and Chen, Kai and Corrado, Greg S and Dean, Jeff},
  booktitle={Advances in neural information processing systems},
  pages={3111--3119},
  year={2013}
}

@Misc{范永勇,
note = {\url{http://www.fanyeong.com/2018/02/19/glove-in-detail/} Accessed Oct 24, 2020},
title = {GloVe详解},
author = {范永勇}
}

@Misc{hans,
note = {\url{http://www.foldl.me/2014/glove-python/} Accessed Oct 26, 2020},
title = {A GloVe implementation in Python},
author = {Jon Gauthier}
}