@article{rong2014word2vec,
  title={word2vec parameter learning explained},
  author={Rong, Xin},
  journal={arXiv preprint arXiv:1411.2738},
  year={2014}
}