@article{Bilmes1998A,
  title={A gentle tutorial of the em algorithm and its application to parameter estimation for Gaussian mixture and hidden Markov models},
  author={Bilmes, J. A},
  journal={Technical Report},
  year={1998},
}
@book{李航2012统计学习方法,
  title={统计学习方法},
  author={李航},
  publisher={清华大学出版社},
  year={2012},
}
@book{宗成庆2013统计自然语言处理,
  title={统计自然语言处理},
  author={宗成庆},
  publisher={清华大学出版社},
  year={2013},
}
@misc{bworld,
  author = {RBF06},
  title = {{Python Implementation of Viterbi Algorithm}},
  howpublished = "\url{https://stackoverflow.com/questions/9729968/python-implementation-of-viterbi-algorithm}",
  year = {2018}, 
  note = "[Online]"
}
@misc{hmmlearn,
  author = {hmmlearn},
  title = {{Hidden Markov Models in Python, with scikit-learn like API}},
  howpublished = "\url{https://hmmlearn.readthedocs.io/en/stable/}",
  year = {2019}, 
  note = "[Online]"
}
@article{Tumarkov,
  title={Derivation of baum-welch algorithm for hidden markov models},
  author={Tu S},
  journal={Technical Report},
  year={2015},
}