@article{frey2007clustering,
  title={Clustering by passing messages between data points},
  author={Frey, Brendan J and Dueck, Delbert},
  journal={science},
  volume={315},
  number={5814},
  pages={972--976},
  year={2007},
  publisher={American Association for the Advancement of Science}
}
@phdthesis{唐丹2017改进的近邻传播聚类算法及其应用研究,
  title={改进的近邻传播聚类算法及其应用研究},
  author={唐丹},
  school={南京理工大学},
  year={2017},
}