@article{huang2017locally,
  title={Locally weighted ensemble clustering},
  author={Huang, Dong and Wang, Chang-Dong and Lai, Jian-Huang},
  journal={IEEE transactions on cybernetics},
  volume={48},
  number={5},
  pages={1460--1473},
  year={2017},
  publisher={IEEE}
}

@book{zhou2012ensemble,
  title={Ensemble methods: foundations and algorithms},
  author={Zhou, Zhi-Hua},
  year={2012},
  publisher={Chapman and Hall/CRC}
}

