@misc{robert2014machine,
  title={Machine learning, a probabilistic perspective},
  author={Robert, Christian},
  year={2014},
  publisher={Taylor \& Francis}
}
@article{李航2012统计学习方法,
  title={统计学习方法},
  author={李航},
  journal={清华大学出版社, 北京},
  year={2012}
}
@book{周志华2016机器学习,
  title={机器学习},
  author={周志华},
  year={2016},
  publisher={Qing hua da xue chu ban she}
}

@article{friedman2001greedy,
  title={Greedy function approximation: a gradient boosting machine},
  author={Friedman, Jerome H},
  journal={Annals of statistics},
  pages={1189--1232},
  year={2001},
  publisher={JSTOR}
}

@article{chen2015xgboost,
  title={Xgboost: extreme gradient boosting},
  author={Chen, Tianqi and He, Tong and Benesty, Michael and others},
  journal={R package version 0.4-2},
  pages={1--4},
  year={2015}
}

@article{pedregosa2011scikit,
  title={Scikit-learn: Machine learning in Python},
  author={Pedregosa, Fabian and Varoquaux, Ga{\"e}l and Gramfort, Alexandre and Michel, Vincent and Thirion, Bertrand and Grisel, Olivier and Blondel, Mathieu and Prettenhofer, Peter and Weiss, Ron and Dubourg, Vincent and others},
  journal={Journal of machine learning research},
  volume={12},
  number={Oct},
  pages={2825--2830},
  year={2011}
}

@article{ng2000cs229,
  title={CS229 Lecture notes},
  author={Ng, Andrew},
  journal={CS229 Lecture notes},
  volume={1},
  number={1},
  pages={1--3},
  year={2000}
}